<?xml version="1.0" encoding="UTF-8"?><collection xmlns="http://www.loc.gov/MARC21/slim"><record><leader>00349nam--2200133-i-4500</leader><controlfield tag="001">000014840</controlfield><controlfield tag="002">20161230</controlfield><controlfield tag="005">20161230201031</controlfield><controlfield tag="008">060222s1000------------r-----000-0-eng-d</controlfield><datafield ind1=" " ind2=" " tag="245"><subfield code="a">Critical materials problems in energy production</subfield></datafield><datafield ind1=" " ind2=" " tag="260"><subfield code="a">New York, Academic Press, Inc., 1976</subfield></datafield><datafield ind1=" " ind2=" " tag="490"><subfield code="a">Xii+915p</subfield></datafield><datafield ind1=" " ind2=" " tag="700"><subfield code="a">Stein, Charles</subfield></datafield><datafield ind1=" " ind2=" " tag="852"><subfield code="a">620.91-03</subfield></datafield></record></collection>